<?xml version="1.0" encoding="UTF-8"?><record xmlns="http://www.loc.gov/MARC21/slim" xmlns:cinclude="http://apache.org/cocoon/include/1.0" xmlns:zs="http://www.loc.gov/zing/srw/">
  <leader>00802cz  a2200157n  4500</leader>
  <controlfield tag="001">no 97060971 </controlfield>
  <controlfield tag="003">DLC</controlfield>
  <controlfield tag="005">20130314094710.0</controlfield>
  <controlfield tag="008">971017n| azannaab           |a ana     c</controlfield>
  <datafield tag="010" ind1=" " ind2=" ">
    <subfield code="a">no 97060971 </subfield>
  </datafield>
  <datafield tag="035" ind1=" " ind2=" ">
    <subfield code="a">(OCoLC)oca04474348</subfield>
  </datafield>
  <datafield tag="040" ind1=" " ind2=" ">
    <subfield code="a">NBL</subfield>
    <subfield code="b">eng</subfield>
    <subfield code="e">rda</subfield>
    <subfield code="c">NBL</subfield>
    <subfield code="d">DLC</subfield>
  </datafield>
  <datafield tag="110" ind1="2" ind2=" ">
    <subfield code="a">Southwest Texas State University.</subfield>
    <subfield code="b">Project on American Constitutionalism</subfield>
  </datafield>
  <datafield tag="410" ind1="2" ind2=" ">
    <subfield code="a">Southwest Texas State University.</subfield>
    <subfield code="b">Department of Political Science.</subfield>
    <subfield code="b">Project on American Constitutionalism</subfield>
  </datafield>
  <datafield tag="510" ind1="2" ind2=" ">
    <subfield code="w">r</subfield>
    <subfield code="i">Hierarchical superior:</subfield>
    <subfield code="a">Southwest Texas State University.</subfield>
    <subfield code="b">Department of Political Science</subfield>
  </datafield>
  <datafield tag="670" ind1=" " ind2=" ">
    <subfield code="a">Liberty under law, c1997:</subfield>
    <subfield code="b">t.p. (Project on American Constitutionalism, Southwest Texas State University) p. v. (Inaugurated in the fall of 1992 by the Dept. of Political Science at Southwest Texas State Univ.)</subfield>
  </datafield>
</record>